@book{rand1955million,
  title={A Million Random Digits with 100,000 Normal Deviates},
  author={Rand Corporation},
  isbn={9780029257906},
  lccn={55007351},
  year={1955},
  publisher={Free Press}
}

@book{cochran1977sampling,
  title={Sampling Techniques},
  author={COCHRAN, W.G.},
  isbn={9780471162407},
  lccn={77301728},
  series={Wiley Series in Probability and Statistics},
  year={1977},
  publisher={Wiley}
}

@book{joao,
  title={IMPLEMENTAÇÃO DE ALGORITMO COMPUTACIONAL PARA ANÁLISE DE DADOS AMOSTRAIS COMPLEXOS},
  author={João Renato Falcão},
  series={Relatório},
  year={2013},
  publisher={Universidade de Brasília}
}