@book{rand1955million,
  title={A Million Random Digits with 100,000 Normal Deviates},
  author={Rand Corporation},
  isbn={9780029257906},
  lccn={55007351},
  url={https://books.google.com.br/books?id=PKFqAAAAMAAJ},
  year={1955},
  publisher={Free Press}
}

@book{cochran1977sampling,
  title={Sampling Techniques},
  author={Cochran, W.G.},
  isbn={9780471162407},
  lccn={77301728},
  series={Wiley Series in Probability and Statistics},
  url={https://books.google.com.br/books?id=8Y4QAQAAIAAJ},
  year={1977},
  publisher={Wiley}
}
